% This file was created with JabRef 2.6.
% Encoding: Cp1252

@ARTICLE{BiriMichelinArqus03Real-Time-Single,
  author = {V Biri and S Michelin and D Arqus},
  title = {Real-Time Single Scattering with Shadows},
  year = {2003},
  month = {Apr},
  abstract = {The representation of participating media adds a very realistic effect
	in computer generated images. Unfortunately, they are especially
	difficult to render. Indeed, their contribution in the illumination
	of a scene is quite complex, depending on both light position and
	camera position. We present here a new algorithm that is able to
	render, in real-time, the single scattering induced by any participating
	medium. Based on a new expression of the radiative transfer equation,
	our algorithm uses shadow planes to compute efficiently the participating
	medium contribution along rays linking the eye and the scene. It
	is also able to manage efficiently not only the surface shadows,
	but also the volumetric shadows casted in such medium, and this,
	without aliasing. This method, quite simple, can be used to compute
	quickly animations that represent scenes covered by a homogeneous
	participating medium.},
  affiliation = {Gaspard Monge Institute , University of Marne-la-Valle},
  bdsk-file-1 = {YnBsaXN0MDDUAQIDBAUIJidUJHRvcFgkb2JqZWN0c1gkdmVyc2lvblkkYXJjaGl2ZXLRBgdUcm9vdIABqAkKFRYXGyIjVSRudWxs0wsMDQ4RFFpOUy5vYmplY3RzV05TLmtleXNWJGNsYXNzog8QgASABqISE4ACgAOAB1lhbGlhc0RhdGFccmVsYXRpdmVQYXRo0hgNGRpXTlMuZGF0YU8RAjQAAAAAAjQAAgAADE1hY2ludG9zaCBIRAAAAAAAAAAAAAAAAAAAAMl5pDhIKwAAACukKh8yMDAzIEJpcmlSZWFsLVRpbWUgUyMyQkE0MTcucGRmAAAAAAAAAAAAAAAAAAAAAAAAAAAAAAAAAAAAAAAAAAAAK6QXydcD5gAAAAAAAAAAAAYABAAACSAAAAAAAAAAAAAAAAAAAAAEQmlyaQAQAAgAAMl5ligAAAARAAgAAMnW58YAAAABABwAK6QqAAw64AAMOosACnWjAAmUKQAIfJgAAJftAAIAV01hY2ludG9zaCBIRDpVc2VyczpTaW1vbjpEYXRlbjpTdHVkaXVtOlBhcGVyczoyMDAzOkJpcmk6MjAwMyBCaXJpUmVhbC1UaW1lIFMjMkJBNDE3LnBkZgAADgBsADUAMgAwADAAMwAgAEIAaQByAGkAUgBlAGEAbAAtAFQAaQBtAGUAIABTAGkAbgBnAGwAZQAgAFMAYwBhAHQAdABlAHIAaQBuAGcAIAB3AGkAdABoACAAUwBoAGEAZABvAHcAcwAuAHAAZABmAA8AGgAMAE0AYQBjAGkAbgB0AG8AcwBoACAASABEABIAYFVzZXJzL1NpbW9uL0RhdGVuL1N0dWRpdW0vUGFwZXJzLzIwMDMvQmlyaS8yMDAzIEJpcmlSZWFsLVRpbWUgU2luZ2xlIFNjYXR0ZXJpbmcgd2l0aCBTaGFkb3dzLnBkZgATAAEvAAAVAAIADP//AACABdIcHR4fWCRjbGFzc2VzWiRjbGFzc25hbWWjHyAhXU5TTXV0YWJsZURhdGFWTlNEYXRhWE5TT2JqZWN0XxBYLi4vLi4vLi4vLi4vLi4vLi4vUGFwZXJzLzIwMDMvQmlyaS8yMDAzIEJpcmlSZWFsLVRpbWUgU2luZ2xlIFNjYXR0ZXJpbmcgd2l0aCBTaGFkb3dzLnBkZtIcHSQloiUhXE5TRGljdGlvbmFyeRIAAYagXxAPTlNLZXllZEFyY2hpdmVyAAgAEQAWAB8AKAAyADUAOgA8AEUASwBSAF0AZQBsAG8AcQBzAHYAeAB6AHwAhgCTAJgAoALYAtoC3wLoAvMC9wMFAwwDFQNwA3UDeAOFA4oAAAAAAAACAQAAAAAAAAAoAAAAAAAAAAAAAAAAAAADnA==},
  bdsk-url-1 = {http://www.ebi.ac.uk/citexplore/citationDetails.do?externalId=569170%09&dataSource=CIT},
  date-added = {2011-04-22 10:07:39 +0200},
  date-modified = {2011-05-06 11:04:08 +0200},
  language = {eng},
  local-url = {file://localhost/Users/Simon/Daten/Studium/Papers/2003/Biri/2003%20BiriReal-Time%20Single%20Scattering%20with%20Shadows.pdf},
  pmid = {569170},
  rating = {0},
  uri = {papers://17C36DC0-223C-4591-9A05-9C7953327675/Paper/p3314},
  url = {http://www.ebi.ac.uk/citexplore/citationDetails.do?externalId=569170%09&dataSource=CIT}
}

@ARTICLE{BouthorsNeyretMaxBrunetonCrassin08Interactive-multiple,
  author = {Antoine Bouthors and Fabrice Neyret and Nelson Max and Eric Bruneton
	and Cyril Crassin},
  title = {Interactive multiple anisotropic scattering in clouds},
  journal = {I3D '08: Proceedings of the 2008 symposium on Interactive 3D graphics
	and games},
  year = {2008},
  month = {Feb},
  abstract = {We propose an algorithm for the real time realistic simulation of
	multiple anisotropic scattering of light in a volume. Contrary to
	previous real-time methods we account for all kinds of light paths
	through the medium and preserve their anisotropic behavior. ...},
  bdsk-file-1 = {YnBsaXN0MDDUAQIDBAUIJidUJHRvcFgkb2JqZWN0c1gkdmVyc2lvblkkYXJjaGl2ZXLRBgdUcm9vdIABqAkKFRYXGyIjVSRudWxs0wsMDQ4RFFpOUy5vYmplY3RzV05TLmtleXNWJGNsYXNzog8QgASABqISE4ACgAOAB1lhbGlhc0RhdGFccmVsYXRpdmVQYXRo0hgNGRpXTlMuZGF0YU8RA0wAAAAAA0wAAgAADE1hY2ludG9zaCBIRAAAAAAAAAAAAAAAAAAAAMl5pDhIKwAAAAw7gR9JM0QgJzA4IFByb2NlZWRpbmdzIG8jQzNCODIucGRmAAAAAAAAAAAAAAAAAAAAAAAAAAAAAAAAAAAAAAAAAAAADDuCyLZW7gAAAAAAAAAAAAYABAAACSAAAAAAAAAAAAAAAAAAAAAIQm91dGhvcnMAEAAIAADJeZYoAAAAEQAIAADItjrOAAAAAQAcAAw7gQAMO3gADDqLAAp1owAJlCkACHyYAACX7QACAFtNYWNpbnRvc2ggSEQ6VXNlcnM6U2ltb246RGF0ZW46U3R1ZGl1bTpQYXBlcnM6MjAwODpCb3V0aG9yczpJM0QgJzA4IFByb2NlZWRpbmdzIG8jQzNCODIucGRmAAAOAR4AjgBJADMARAAgACcAMAA4ACAAUAByAG8AYwBlAGUAZABpAG4AZwBzACAAbwBmACAAdABoAGUAIAAyADAAMAA4ACAAcwB5AG0AcABvAHMAaQB1AG0AIABvAG4AIABJAG4AdABlAHIAYQBjAHQAaQB2AGUAIAAzAEQAIABnAHIAYQBwAGgAaQBjAHMAIABhAG4AZAAgAGcAYQBtAGUAcwAgADIAMAAwADgAIABCAG8AdQB0AGgAbwByAHMASQBuAHQAZQByAGEAYwB0AGkAdgBlACAAbQB1AGwAdABpAHAAbABlACAAYQBuAGkAcwBvAHQAcgBvAHAAaQBjACAAcwBjAGEAdAB0AGUAcgBpAG4AZwAgAGkAbgAuAHAAZABmAA8AGgAMAE0AYQBjAGkAbgB0AG8AcwBoACAASABEABIAvVVzZXJzL1NpbW9uL0RhdGVuL1N0dWRpdW0vUGFwZXJzLzIwMDgvQm91dGhvcnMvSTNEICcwOCBQcm9jZWVkaW5ncyBvZiB0aGUgMjAwOCBzeW1wb3NpdW0gb24gSW50ZXJhY3RpdmUgM0QgZ3JhcGhpY3MgYW5kIGdhbWVzIDIwMDggQm91dGhvcnNJbnRlcmFjdGl2ZSBtdWx0aXBsZSBhbmlzb3Ryb3BpYyBzY2F0dGVyaW5nIGluLnBkZgAAEwABLwAAFQACAAz//wAAgAXSHB0eH1gkY2xhc3Nlc1okY2xhc3NuYW1lox8gIV1OU011dGFibGVEYXRhVk5TRGF0YVhOU09iamVjdF8QtS4uLy4uLy4uLy4uLy4uLy4uL1BhcGVycy8yMDA4L0JvdXRob3JzL0kzRCAnMDggUHJvY2VlZGluZ3Mgb2YgdGhlIDIwMDggc3ltcG9zaXVtIG9uIEludGVyYWN0aXZlIDNEIGdyYXBoaWNzIGFuZCBnYW1lcyAyMDA4IEJvdXRob3JzSW50ZXJhY3RpdmUgbXVsdGlwbGUgYW5pc290cm9waWMgc2NhdHRlcmluZyBpbi5wZGbSHB0kJaIlIVxOU0RpY3Rpb25hcnkSAAGGoF8QD05TS2V5ZWRBcmNoaXZlcgAIABEAFgAfACgAMgA1ADoAPABFAEsAUgBdAGUAbABvAHEAcwB2AHgAegB8AIYAkwCYAKAD8APyA/cEAAQLBA8EHQQkBC0E5QTqBO0E+gT/AAAAAAAAAgEAAAAAAAAAKAAAAAAAAAAAAAAAAAAABRE=},
  bdsk-url-1 = {http://portal.acm.org/citation.cfm?id=1342250.1342277},
  date-added = {2010-09-15 10:56:06 +0200},
  date-modified = {2011-05-06 11:04:08 +0200},
  local-url = {file://localhost/Users/Simon/Daten/Studium/Papers/2008/Bouthors/I3D%20'08%20Proceedings%20of%20the%202008%20symposium%20on%20Interactive%203D%20graphics%20and%20games%202008%20BouthorsInteractive%20multiple%20anisotropic%20scattering%20in.pdf},
  pmid = {1342250.1342277},
  rating = {0},
  uri = {papers://17C36DC0-223C-4591-9A05-9C7953327675/Paper/p2760},
  url = {http://portal.acm.org/citation.cfm?id=1342250.1342277}
}

@OTHER{BrunetonNeyret08Precomputed-atmospheric,
  abstract = {We present a new and accurate method to render the atmosphere in real
	time from any viewpoint from ground level to outer space, while taking
	Rayleigh and Mie multiple scattering into account. Our method reproduces
	many effects of the scattering of light, such as the daylight and
	twilight sky color and aerial perspective for all view and light
	directions, or the Earth and mountain shadows (light shafts) inside
	the atmosphere. Our method is based on a formulation of the light
	transport equation that is precomputable for all viewpoints, view
	directions and sun directions. We show how to store this data compactly
	and propose a GPU compliant algorithm to precompute it in a few seconds.
	This precomputed data allows us to evaluate at runtime the light
	transport equation in constant time, without any sampling, while
	taking into account the ground for shadows and light shafts.},
  affiliation = {Grenoble Univ, INRIA, LJK, EVASION, Grenoble, France},
  author = {Eric Bruneton and Fabrice Neyret},
  bdsk-file-1 = {YnBsaXN0MDDUAQIDBAUIJidUJHRvcFgkb2JqZWN0c1gkdmVyc2lvblkkYXJjaGl2ZXLRBgdUcm9vdIABqAkKFRYXGyIjVSRudWxs0wsMDQ4RFFpOUy5vYmplY3RzV05TLmtleXNWJGNsYXNzog8QgASABqISE4ACgAOAB1lhbGlhc0RhdGFccmVsYXRpdmVQYXRo0hgNGRpXTlMuZGF0YU8RAnQAAAAAAnQAAgAADE1hY2ludG9zaCBIRAAAAAAAAAAAAAAAAAAAAMl5pDhIKwAAACuqDR9Db21wdXQgR3JhcGggRm9ydW0gMiMyQkE5RUYucGRmAAAAAAAAAAAAAAAAAAAAAAAAAAAAAAAAAAAAAAAAAAAAK6nvydcPCQAAAAAAAAAAAAYABAAACSAAAAAAAAAAAAAAAAAAAAAIQnJ1bmV0b24AEAAIAADJeZYoAAAAEQAIAADJ1vLpAAAAAQAcACuqDQAMO3gADDqLAAp1owAJlCkACHyYAACX7QACAFtNYWNpbnRvc2ggSEQ6VXNlcnM6U2ltb246RGF0ZW46U3R1ZGl1bTpQYXBlcnM6MjAwODpCcnVuZXRvbjpDb21wdXQgR3JhcGggRm9ydW0gMiMyQkE5RUYucGRmAAAOAI4ARgBDAG8AbQBwAHUAdAAgAEcAcgBhAHAAaAAgAEYAbwByAHUAbQAgADIAMAAwADgAIABCAHIAdQBuAGUAdABvAG4AUAByAGUAYwBvAG0AcAB1AHQAZQBkACAAYQB0AG0AbwBzAHAAaABlAHIAaQBjACAAcwBjAGEAdAB0AGUAcgBpAG4AZwAuAHAAZABmAA8AGgAMAE0AYQBjAGkAbgB0AG8AcwBoACAASABEABIAdVVzZXJzL1NpbW9uL0RhdGVuL1N0dWRpdW0vUGFwZXJzLzIwMDgvQnJ1bmV0b24vQ29tcHV0IEdyYXBoIEZvcnVtIDIwMDggQnJ1bmV0b25QcmVjb21wdXRlZCBhdG1vc3BoZXJpYyBzY2F0dGVyaW5nLnBkZgAAEwABLwAAFQACAAz//wAAgAXSHB0eH1gkY2xhc3Nlc1okY2xhc3NuYW1lox8gIV1OU011dGFibGVEYXRhVk5TRGF0YVhOU09iamVjdF8QbS4uLy4uLy4uLy4uLy4uLy4uL1BhcGVycy8yMDA4L0JydW5ldG9uL0NvbXB1dCBHcmFwaCBGb3J1bSAyMDA4IEJydW5ldG9uUHJlY29tcHV0ZWQgYXRtb3NwaGVyaWMgc2NhdHRlcmluZy5wZGbSHB0kJaIlIVxOU0RpY3Rpb25hcnkSAAGGoF8QD05TS2V5ZWRBcmNoaXZlcgAIABEAFgAfACgAMgA1ADoAPABFAEsAUgBdAGUAbABvAHEAcwB2AHgAegB8AIYAkwCYAKADGAMaAx8DKAMzAzcDRQNMA1UDxQPKA80D2gPfAAAAAAAAAgEAAAAAAAAAKAAAAAAAAAAAAAAAAAAAA/E=},
  date-added = {2011-04-22 10:56:43 +0200},
  date-modified = {2011-05-06 11:04:08 +0200},
  journal = {Comput Graph Forum},
  language = {English},
  local-url = {file://localhost/Users/Simon/Daten/Studium/Papers/2008/Bruneton/Comput%20Graph%20Forum%202008%20BrunetonPrecomputed%20atmospheric%20scattering.pdf},
  month = {Jan},
  number = {4},
  pages = {1079--1086},
  pmid = {000258223600004},
  rating = {0},
  title = {Precomputed atmospheric scattering},
  uri = {papers://17C36DC0-223C-4591-9A05-9C7953327675/Paper/p3349},
  volume = {27},
  year = {2008}
}

@ARTICLE{DobashiYamamotoNishita02Interactive-rendering,
  author = {Yoshinori Dobashi and Tsuyoshi Yamamoto and Tomoyuki Nishita},
  title = {Interactive rendering of atmospheric scattering effects using graphics
	hardware},
  journal = {HWWS '02: Proceedings of the ACM SIGGRAPH/EUROGRAPHICS conference
	on Graphics hardware},
  year = {2002},
  month = {Sep},
  abstract = {To create realistic images using computer graphics, an important element
	to consider is atmospheric scattering, that is, the phenomenon by
	which light is scattered by small particles in the air. This effect
	is the cause of the light beams produced by ...},
  bdsk-file-1 = {YnBsaXN0MDDUAQIDBAUIJidUJHRvcFgkb2JqZWN0c1gkdmVyc2lvblkkYXJjaGl2ZXLRBgdUcm9vdIABqAkKFRYXGyIjVSRudWxs0wsMDQ4RFFpOUy5vYmplY3RzV05TLmtleXNWJGNsYXNzog8QgASABqISE4ACgAOAB1lhbGlhc0RhdGFccmVsYXRpdmVQYXRo0hgNGRpXTlMuZGF0YU8RA1oAAAAAA1oAAgAADE1hY2ludG9zaCBIRAAAAAAAAAAAAAAAAAAAAMl5pDhIKwAAACulzB9IV1dTICcwMiBQcm9jZWVkaW5ncyMyQkE1Q0QucGRmAAAAAAAAAAAAAAAAAAAAAAAAAAAAAAAAAAAAAAAAAAAAK6XNydcHbwAAAAAAAAAAAAYABAAACSAAAAAAAAAAAAAAAAAAAAAHRG9iYXNoaQAAEAAIAADJeZYoAAAAEQAIAADJ1utPAAAAAQAcACulzAAMOswADDqLAAp1owAJlCkACHyYAACX7QACAFpNYWNpbnRvc2ggSEQ6VXNlcnM6U2ltb246RGF0ZW46U3R1ZGl1bTpQYXBlcnM6MjAwMjpEb2Jhc2hpOkhXV1MgJzAyIFByb2NlZWRpbmdzIzJCQTVDRC5wZGYADgEqAJQASABXAFcAUwAgACcAMAAyACAAUAByAG8AYwBlAGUAZABpAG4AZwBzACAAbwBmACAAdABoAGUAIABBAEMATQAgAFMASQBHAEcAUgBBAFAASABFAFUAUgBPAEcAUgBBAFAASABJAEMAUwAgAGMAbwBuAGYAZQByAGUAbgBjAGUAIABvAG4AIABHAHIAYQBwAGgAaQBjAHMAIABoAGEAcgBkAHcAYQByAGUAIAAyADAAMAAyACAARABvAGIAYQBzAGgAaQBJAG4AdABlAHIAYQBjAHQAaQB2AGUAIAByAGUAbgBkAGUAcgBpAG4AZwAgAG8AZgAgAGEAdABtAG8AcwBwAGgAZQByAGkAYwAgAHMAYwBhAHQAdABlAHIAaQBuAGcALgBwAGQAZgAPABoADABNAGEAYwBpAG4AdABvAHMAaAAgAEgARAASAMJVc2Vycy9TaW1vbi9EYXRlbi9TdHVkaXVtL1BhcGVycy8yMDAyL0RvYmFzaGkvSFdXUyAnMDIgUHJvY2VlZGluZ3Mgb2YgdGhlIEFDTSBTSUdHUkFQSEVVUk9HUkFQSElDUyBjb25mZXJlbmNlIG9uIEdyYXBoaWNzIGhhcmR3YXJlIDIwMDIgRG9iYXNoaUludGVyYWN0aXZlIHJlbmRlcmluZyBvZiBhdG1vc3BoZXJpYyBzY2F0dGVyaW5nLnBkZgATAAEvAAAVAAIADP//AACABdIcHR4fWCRjbGFzc2VzWiRjbGFzc25hbWWjHyAhXU5TTXV0YWJsZURhdGFWTlNEYXRhWE5TT2JqZWN0XxC6Li4vLi4vLi4vLi4vLi4vLi4vUGFwZXJzLzIwMDIvRG9iYXNoaS9IV1dTICcwMiBQcm9jZWVkaW5ncyBvZiB0aGUgQUNNIFNJR0dSQVBIRVVST0dSQVBISUNTIGNvbmZlcmVuY2Ugb24gR3JhcGhpY3MgaGFyZHdhcmUgMjAwMiBEb2Jhc2hpSW50ZXJhY3RpdmUgcmVuZGVyaW5nIG9mIGF0bW9zcGhlcmljIHNjYXR0ZXJpbmcucGRm0hwdJCWiJSFcTlNEaWN0aW9uYXJ5EgABhqBfEA9OU0tleWVkQXJjaGl2ZXIACAARABYAHwAoADIANQA6ADwARQBLAFIAXQBlAGwAbwBxAHMAdgB4AHoAfACGAJMAmACgA/4EAAQFBA4EGQQdBCsEMgQ7BPgE/QUABQ0FEgAAAAAAAAIBAAAAAAAAACgAAAAAAAAAAAAAAAAAAAUk},
  bdsk-url-1 = {http://portal.acm.org/ft_gateway.cfm?id=569060&type=pdf&coll=DL&dl=ACM&CFID=17485192&CFTOKEN=66349392},
  date-added = {2011-04-22 10:22:25 +0200},
  date-modified = {2011-05-06 11:04:08 +0200},
  local-url = {file://localhost/Users/Simon/Daten/Studium/Papers/2002/Dobashi/HWWS%20'02%20Proceedings%20of%20the%20ACM%20SIGGRAPHEUROGRAPHICS%20conference%20on%20Graphics%20hardware%202002%20DobashiInteractive%20rendering%20of%20atmospheric%20scattering.pdf},
  rating = {0},
  uri = {papers://17C36DC0-223C-4591-9A05-9C7953327675/Paper/p3341},
  url = {http://portal.acm.org/ft_gateway.cfm?id=569060&type=pdf&coll=DL&dl=ACM&CFID=17485192&CFTOKEN=66349392}
}

@ARTICLE{Guldner09Accurate-Atmospheric,
  author = {S Guldner},
  title = {Accurate Atmospheric Scattering},
  year = {2009},
  bdsk-file-1 = {YnBsaXN0MDDUAQIDBAUIJidUJHRvcFgkb2JqZWN0c1gkdmVyc2lvblkkYXJjaGl2ZXLRBgdUcm9vdIABqAkKFRYXGyIjVSRudWxs0wsMDQ4RFFpOUy5vYmplY3RzV05TLmtleXNWJGNsYXNzog8QgASABqISE4ACgAOAB1lhbGlhc0RhdGFccmVsYXRpdmVQYXRo0hgNGRpXTlMuZGF0YU8RAiwAAAAAAiwAAgAADE1hY2ludG9zaCBIRAAAAAAAAAAAAAAAAAAAAMl5pDhIKwAAACukoB8yMDA5IEd1bGRuZXJBY2N1cmF0ZSMyQkE0OEMucGRmAAAAAAAAAAAAAAAAAAAAAAAAAAAAAAAAAAAAAAAAAAAAK6SMydcEqgAAAAAAAAAAAAYABAAACSAAAAAAAAAAAAAAAAAAAAAHR3VsZG5lcgAAEAAIAADJeZYoAAAAEQAIAADJ1uiKAAAAAQAcACukoAAMO74ADDqLAAp1owAJlCkACHyYAACX7QACAFpNYWNpbnRvc2ggSEQ6VXNlcnM6U2ltb246RGF0ZW46U3R1ZGl1bTpQYXBlcnM6MjAwOTpHdWxkbmVyOjIwMDkgR3VsZG5lckFjY3VyYXRlIzJCQTQ4Qy5wZGYADgBgAC8AMgAwADAAOQAgAEcAdQBsAGQAbgBlAHIAQQBjAGMAdQByAGEAdABlACAAQQB0AG0AbwBzAHAAaABlAHIAaQBjACAAUwBjAGEAdAB0AGUAcgBpAG4AZwAuAHAAZABmAA8AGgAMAE0AYQBjAGkAbgB0AG8AcwBoACAASABEABIAXVVzZXJzL1NpbW9uL0RhdGVuL1N0dWRpdW0vUGFwZXJzLzIwMDkvR3VsZG5lci8yMDA5IEd1bGRuZXJBY2N1cmF0ZSBBdG1vc3BoZXJpYyBTY2F0dGVyaW5nLnBkZgAAEwABLwAAFQACAAz//wAAgAXSHB0eH1gkY2xhc3Nlc1okY2xhc3NuYW1lox8gIV1OU011dGFibGVEYXRhVk5TRGF0YVhOU09iamVjdF8QVS4uLy4uLy4uLy4uLy4uLy4uL1BhcGVycy8yMDA5L0d1bGRuZXIvMjAwOSBHdWxkbmVyQWNjdXJhdGUgQXRtb3NwaGVyaWMgU2NhdHRlcmluZy5wZGbSHB0kJaIlIVxOU0RpY3Rpb25hcnkSAAGGoF8QD05TS2V5ZWRBcmNoaXZlcgAIABEAFgAfACgAMgA1ADoAPABFAEsAUgBdAGUAbABvAHEAcwB2AHgAegB8AIYAkwCYAKAC0ALSAtcC4ALrAu8C/QMEAw0DZQNqA20DegN/AAAAAAAAAgEAAAAAAAAAKAAAAAAAAAAAAAAAAAAAA5E=},
  date-added = {2011-04-22 10:10:56 +0200},
  date-modified = {2011-05-06 11:04:08 +0200},
  local-url = {file://localhost/Users/Simon/Daten/Studium/Papers/2009/Guldner/2009%20GuldnerAccurate%20Atmospheric%20Scattering.pdf},
  pmid = {related:TuCdfLvd2xoJ},
  rating = {0},
  uri = {papers://17C36DC0-223C-4591-9A05-9C7953327675/Paper/p3315}
}

@ARTICLE{HenyeyGreenstein41Diffuse-radiation,
  author = {L Henyey and JL Greenstein},
  title = {Diffuse radiation in the galaxy},
  journal = {The Astrophysical Journal},
  year = {1941},
  month = {Jan},
  abstract = {DIFFUSE RADIATION IN THE GALAXY LG HENYEY AND JL GREENSTEIN ' Observations
	have been obtained to verify the existence of diffuse interstellar
	radiation. A Fabry photometer, attached to the 40-inch refractor
	at the Yerkes Observatory, was used to measure the brightness of
	...},
  bdsk-file-1 = {YnBsaXN0MDDUAQIDBAUIJidUJHRvcFgkb2JqZWN0c1gkdmVyc2lvblkkYXJjaGl2ZXLRBgdUcm9vdIABqAkKFRYXGyIjVSRudWxs0wsMDQ4RFFpOUy5vYmplY3RzV05TLmtleXNWJGNsYXNzog8QgASABqISE4ACgAOAB1lhbGlhc0RhdGFccmVsYXRpdmVQYXRo0hgNGRpXTlMuZGF0YU8RAnQAAAAAAnQAAgAADE1hY2ludG9zaCBIRAAAAAAAAAAAAAAAAAAAAMl5pDhIKwAAAC7fWR9UaGUgQXN0cm9waHlzaWNhbCBKbyMyRURGMzUucGRmAAAAAAAAAAAAAAAAAAAAAAAAAAAAAAAAAAAAAAAAAAAALt81yemDkwAAAAAAAAAAAAYABAAACSAAAAAAAAAAAAAAAAAAAAAGSGVueWV5ABAACAAAyXmWKAAAABEACAAAyelncwAAAAEAHAAu31kALt9CAAw6iwAKdaMACZQpAAh8mAAAl+0AAgBZTWFjaW50b3NoIEhEOlVzZXJzOlNpbW9uOkRhdGVuOlN0dWRpdW06UGFwZXJzOjE5NDE6SGVueWV5OlRoZSBBc3Ryb3BoeXNpY2FsIEpvIzJFREYzNS5wZGYAAA4AkgBIAFQAaABlACAAQQBzAHQAcgBvAHAAaAB5AHMAaQBjAGEAbAAgAEoAbwB1AHIAbgBhAGwAIAAxADkANAAxACAASABlAG4AeQBlAHkARABpAGYAZgB1AHMAZQAgAHIAYQBkAGkAYQB0AGkAbwBuACAAaQBuACAAdABoAGUAIABnAGEAbABhAHgAeQAuAHAAZABmAA8AGgAMAE0AYQBjAGkAbgB0AG8AcwBoACAASABEABIAdVVzZXJzL1NpbW9uL0RhdGVuL1N0dWRpdW0vUGFwZXJzLzE5NDEvSGVueWV5L1RoZSBBc3Ryb3BoeXNpY2FsIEpvdXJuYWwgMTk0MSBIZW55ZXlEaWZmdXNlIHJhZGlhdGlvbiBpbiB0aGUgZ2FsYXh5LnBkZgAAEwABLwAAFQACAAz//wAAgAXSHB0eH1gkY2xhc3Nlc1okY2xhc3NuYW1lox8gIV1OU011dGFibGVEYXRhVk5TRGF0YVhOU09iamVjdF8QbS4uLy4uLy4uLy4uLy4uLy4uL1BhcGVycy8xOTQxL0hlbnlleS9UaGUgQXN0cm9waHlzaWNhbCBKb3VybmFsIDE5NDEgSGVueWV5RGlmZnVzZSByYWRpYXRpb24gaW4gdGhlIGdhbGF4eS5wZGbSHB0kJaIlIVxOU0RpY3Rpb25hcnkSAAGGoF8QD05TS2V5ZWRBcmNoaXZlcgAIABEAFgAfACgAMgA1ADoAPABFAEsAUgBdAGUAbABvAHEAcwB2AHgAegB8AIYAkwCYAKADGAMaAx8DKAMzAzcDRQNMA1UDxQPKA80D2gPfAAAAAAAAAgEAAAAAAAAAKAAAAAAAAAAAAAAAAAAAA/E=},
  bdsk-url-1 = {http://adsabs.harvard.edu/full/1941ApJ....93...70H},
  date-added = {2011-05-06 10:52:52 +0200},
  date-modified = {2011-05-06 11:04:08 +0200},
  local-url = {file://localhost/Users/Simon/Daten/Studium/Papers/1941/Henyey/The%20Astrophysical%20Journal%201941%20HenyeyDiffuse%20radiation%20in%20the%20galaxy.pdf},
  pmid = {10019824257870713558related:1tI5QhORDYsJ},
  rating = {0},
  uri = {papers://17C36DC0-223C-4591-9A05-9C7953327675/Paper/p3363},
  url = {http://adsabs.harvard.edu/full/1941ApJ....93...70H}
}

@ARTICLE{03ATI-LightScattering,
  author = {Hoffman, N and Preetham, A},
  title = {Rendering Outdoor Light Scattering in Real Time},
  journal = {ATI Technologies},
  year = {2003},
  month = {Feb},
  bdsk-file-1 = {YnBsaXN0MDDUAQIDBAUIJidUJHRvcFgkb2JqZWN0c1gkdmVyc2lvblkkYXJjaGl2ZXLRBgdUcm9vdIABqAkKFRYXGyIjVSRudWxs0wsMDQ4RFFpOUy5vYmplY3RzV05TLmtleXNWJGNsYXNzog8QgASABqISE4ACgAOAB1lhbGlhc0RhdGFccmVsYXRpdmVQYXRo0hgNGRpXTlMuZGF0YU8RAfAAAAAAAfAAAgAADE1hY2ludG9zaCBIRAAAAAAAAAAAAAAAAAAAAMl5pDhIKwAAAAw67BwyMDAzIEFUSS1MaWdodFNjYXR0ZXJpbmcucGRmAAAAAAAAAAAAAAAAAAAAAAAAAAAAAAAAAAAAAAAAAAAAAAAAKwD6ydb/sgAAAAAAAAAAAAYABAAACSAAAAAAAAAAAAAAAAAAAAAHVW5rbm93bgAAEAAIAADJeZYoAAAAEQAIAADJ1uOSAAAAAQAcAAw67AAMOuAADDqLAAp1owAJlCkACHyYAACX7QACAFdNYWNpbnRvc2ggSEQ6VXNlcnM6U2ltb246RGF0ZW46U3R1ZGl1bTpQYXBlcnM6MjAwMzpVbmtub3duOjIwMDMgQVRJLUxpZ2h0U2NhdHRlcmluZy5wZGYAAA4AOgAcADIAMAAwADMAIABBAFQASQAtAEwAaQBnAGgAdABTAGMAYQB0AHQAZQByAGkAbgBnAC4AcABkAGYADwAaAAwATQBhAGMAaQBuAHQAbwBzAGgAIABIAEQAEgBKVXNlcnMvU2ltb24vRGF0ZW4vU3R1ZGl1bS9QYXBlcnMvMjAwMy9Vbmtub3duLzIwMDMgQVRJLUxpZ2h0U2NhdHRlcmluZy5wZGYAEwABLwAAFQACAAz//wAAgAXSHB0eH1gkY2xhc3Nlc1okY2xhc3NuYW1lox8gIV1OU011dGFibGVEYXRhVk5TRGF0YVhOU09iamVjdF8QQi4uLy4uLy4uLy4uLy4uLy4uL1BhcGVycy8yMDAzL1Vua25vd24vMjAwMyBBVEktTGlnaHRTY2F0dGVyaW5nLnBkZtIcHSQloiUhXE5TRGljdGlvbmFyeRIAAYagXxAPTlNLZXllZEFyY2hpdmVyAAgAEQAWAB8AKAAyADUAOgA8AEUASwBSAF0AZQBsAG8AcQBzAHYAeAB6AHwAhgCTAJgAoAKUApYCmwKkAq8CswLBAsgC0QMWAxsDHgMrAzAAAAAAAAACAQAAAAAAAAAoAAAAAAAAAAAAAAAAAAADQg==},
  date-added = {2011-04-22 09:49:46 +0200},
  date-modified = {2011-05-06 11:04:08 +0200},
  local-url = {file://localhost/Users/Simon/Daten/Studium/Papers/2003/Unknown/2003%20ATI-LightScattering.pdf},
  rating = {0},
  uri = {papers://17C36DC0-223C-4591-9A05-9C7953327675/Paper/p3309}
}

@ARTICLE{HoffmanPreetham02Rendering-outdoor,
  author = {N Hoffman and A.J Preetham},
  title = {Rendering outdoor light scattering in real time},
  journal = {Game developers conference},
  year = {2002},
  bdsk-file-1 = {YnBsaXN0MDDUAQIDBAUIJidUJHRvcFgkb2JqZWN0c1gkdmVyc2lvblkkYXJjaGl2ZXLRBgdUcm9vdIABqAkKFRYXGyIjVSRudWxs0wsMDQ4RFFpOUy5vYmplY3RzV05TLmtleXNWJGNsYXNzog8QgASABqISE4ACgAOAB1lhbGlhc0RhdGFccmVsYXRpdmVQYXRo0hgNGRpXTlMuZGF0YU8RAo4AAAAAAo4AAgAADE1hY2ludG9zaCBIRAAAAAAAAAAAAAAAAAAAAMl5pDhIKwAAACuhzR9HYW1lIGRldmVsb3BlcnMgY29uZiMyQUE5RUYucGRmAAAAAAAAAAAAAAAAAAAAAAAAAAAAAAAAAAAAAAAAAAAAKqnvydb1nAAAAAAAAAAAAAYABAAACSAAAAAAAAAAAAAAAAAAAAAHSG9mZm1hbgAAEAAIAADJeZYoAAAAEQAIAADJ1tl8AAAAAQAcACuhzQAMOswADDqLAAp1owAJlCkACHyYAACX7QACAFpNYWNpbnRvc2ggSEQ6VXNlcnM6U2ltb246RGF0ZW46U3R1ZGl1bTpQYXBlcnM6MjAwMjpIb2ZmbWFuOkdhbWUgZGV2ZWxvcGVycyBjb25mIzJBQTlFRi5wZGYADgCiAFAARwBhAG0AZQAgAGQAZQB2AGUAbABvAHAAZQByAHMAIABjAG8AbgBmAGUAcgBlAG4AYwBlACAAMgAwADAAMgAgAEgAbwBmAGYAbQBhAG4AUgBlAG4AZABlAHIAaQBuAGcAIABvAHUAdABkAG8AbwByACAAbABpAGcAaAB0ACAAcwBjAGEAdAB0AGUAcgBpAG4AZwAgAGkAbgAuAHAAZABmAA8AGgAMAE0AYQBjAGkAbgB0AG8AcwBoACAASABEABIAflVzZXJzL1NpbW9uL0RhdGVuL1N0dWRpdW0vUGFwZXJzLzIwMDIvSG9mZm1hbi9HYW1lIGRldmVsb3BlcnMgY29uZmVyZW5jZSAyMDAyIEhvZmZtYW5SZW5kZXJpbmcgb3V0ZG9vciBsaWdodCBzY2F0dGVyaW5nIGluLnBkZgATAAEvAAAVAAIADP//AACABdIcHR4fWCRjbGFzc2VzWiRjbGFzc25hbWWjHyAhXU5TTXV0YWJsZURhdGFWTlNEYXRhWE5TT2JqZWN0XxB2Li4vLi4vLi4vLi4vLi4vLi4vUGFwZXJzLzIwMDIvSG9mZm1hbi9HYW1lIGRldmVsb3BlcnMgY29uZmVyZW5jZSAyMDAyIEhvZmZtYW5SZW5kZXJpbmcgb3V0ZG9vciBsaWdodCBzY2F0dGVyaW5nIGluLnBkZtIcHSQloiUhXE5TRGljdGlvbmFyeRIAAYagXxAPTlNLZXllZEFyY2hpdmVyAAgAEQAWAB8AKAAyADUAOgA8AEUASwBSAF0AZQBsAG8AcQBzAHYAeAB6AHwAhgCTAJgAoAMyAzQDOQNCA00DUQNfA2YDbwPoA+0D8AP9BAIAAAAAAAACAQAAAAAAAAAoAAAAAAAAAAAAAAAAAAAEFA==},
  date-added = {2011-04-22 09:49:14 +0200},
  date-modified = {2011-05-06 11:04:08 +0200},
  local-url = {file://localhost/Users/Simon/Daten/Studium/Papers/2002/Hoffman/Game%20developers%20conference%202002%20HoffmanRendering%20outdoor%20light%20scattering%20in.pdf},
  pmid = {17858569871834005738related:6sAo_61i1vcJ},
  rating = {0},
  uri = {papers://17C36DC0-223C-4591-9A05-9C7953327675/Paper/p3308}
}

@ARTICLE{KmentRauterZotti06Modelling-of-Daylight,
  author = {T Kment and M Rauter and G Zotti},
  title = {Modelling of Daylight for Computer Graphics},
  year = {2006},
  bdsk-file-1 = {YnBsaXN0MDDUAQIDBAUIJidUJHRvcFgkb2JqZWN0c1gkdmVyc2lvblkkYXJjaGl2ZXLRBgdUcm9vdIABqAkKFRYXGyIjVSRudWxs0wsMDQ4RFFpOUy5vYmplY3RzV05TLmtleXNWJGNsYXNzog8QgASABqISE4ACgAOAB1lhbGlhc0RhdGFccmVsYXRpdmVQYXRo0hgNGRpXTlMuZGF0YU8RAigAAAAAAigAAgAADE1hY2ludG9zaCBIRAAAAAAAAAAAAAAAAAAAAMl5pDhIKwAAACuoih8yMDA2IEttZW50TW9kZWxsaW5nICMyQkE4NzIucGRmAAAAAAAAAAAAAAAAAAAAAAAAAAAAAAAAAAAAAAAAAAAAK6hyydcM/wAAAAAAAAAAAAYABAAACSAAAAAAAAAAAAAAAAAAAAAFS21lbnQAABAACAAAyXmWKAAAABEACAAAydbw3wAAAAEAHAArqIoADDssAAw6iwAKdaMACZQpAAh8mAAAl+0AAgBYTWFjaW50b3NoIEhEOlVzZXJzOlNpbW9uOkRhdGVuOlN0dWRpdW06UGFwZXJzOjIwMDY6S21lbnQ6MjAwNiBLbWVudE1vZGVsbGluZyAjMkJBODcyLnBkZgAOAGIAMAAyADAAMAA2ACAASwBtAGUAbgB0AE0AbwBkAGUAbABsAGkAbgBnACAAbwBmACAARABhAHkAbABpAGcAaAB0ACAAZgBvAHIAIABDAG8AbQBwAHUAdABlAHIALgBwAGQAZgAPABoADABNAGEAYwBpAG4AdABvAHMAaAAgAEgARAASAFxVc2Vycy9TaW1vbi9EYXRlbi9TdHVkaXVtL1BhcGVycy8yMDA2L0ttZW50LzIwMDYgS21lbnRNb2RlbGxpbmcgb2YgRGF5bGlnaHQgZm9yIENvbXB1dGVyLnBkZgATAAEvAAAVAAIADP//AACABdIcHR4fWCRjbGFzc2VzWiRjbGFzc25hbWWjHyAhXU5TTXV0YWJsZURhdGFWTlNEYXRhWE5TT2JqZWN0XxBULi4vLi4vLi4vLi4vLi4vLi4vUGFwZXJzLzIwMDYvS21lbnQvMjAwNiBLbWVudE1vZGVsbGluZyBvZiBEYXlsaWdodCBmb3IgQ29tcHV0ZXIucGRm0hwdJCWiJSFcTlNEaWN0aW9uYXJ5EgABhqBfEA9OU0tleWVkQXJjaGl2ZXIACAARABYAHwAoADIANQA6ADwARQBLAFIAXQBlAGwAbwBxAHMAdgB4AHoAfACGAJMAmACgAswCzgLTAtwC5wLrAvkDAAMJA2ADZQNoA3UDegAAAAAAAAIBAAAAAAAAACgAAAAAAAAAAAAAAAAAAAOM},
  date-added = {2011-04-22 10:46:28 +0200},
  date-modified = {2011-05-06 11:04:08 +0200},
  local-url = {file://localhost/Users/Simon/Daten/Studium/Papers/2006/Kment/2006%20KmentModelling%20of%20Daylight%20for%20Computer.pdf},
  pmid = {related:eSpv_XdKKfgJ},
  rating = {0},
  read = {Yes},
  uri = {papers://17C36DC0-223C-4591-9A05-9C7953327675/Paper/p3348}
}

@ARTICLE{LiWangWu;07Unified-Volumes,
  author = {Sheng Li and Guoping Wang and Enhua Wu;},
  title = {Unified Volumes for Light Shaft and Shadow with Scattering},
  journal = {Computer-Aided Design and Computer Graphics, 2007 10th IEEE International
	Conference on},
  year = {2007},
  pages = {161 -- 166},
  abstract = {It is a challenge work to render natural lighting phenomena in real-time.
	A major reason is due to high computational expense to simulate the
	physical model of atmosphere scattering. Another is due to the lack
	of power and programmability in the graphic hardware. In this paper,
	we propose unified volumes representation for light shaft and shadow,
	which is an efficient method of simulating natural light shafts and
	shadows with atmospheric scattering effect. We give the analytic
	formula of light shaft without numerical integration and then make
	use of the current graphic hardware to implement the integral computation
	on each volume surface for scattering. Our approach can not only
	simulate the lighting effect with single light source but also multiple
	parallel light sources according to the physical model of skylight
	and sunlight. With acceleration of the GPU, we can generate realistic
	appearance with high frame rate satisfying real time application.
	It can possibly be used in current commercial game or other virtual
	reality systems.},
  bdsk-file-1 = {YnBsaXN0MDDUAQIDBAUIJidUJHRvcFgkb2JqZWN0c1gkdmVyc2lvblkkYXJjaGl2ZXLRBgdUcm9vdIABqAkKFRYXGyIjVSRudWxs0wsMDQ4RFFpOUy5vYmplY3RzV05TLmtleXNWJGNsYXNzog8QgASABqISE4ACgAOAB1lhbGlhc0RhdGFccmVsYXRpdmVQYXRo0hgNGRpXTlMuZGF0YU8RAzYAAAAAAzYAAgAADE1hY2ludG9zaCBIRAAAAAAAAAAAAAAAAAAAAMl5pDhIKwAAACulYB9Db21wdXRlci1BaWRlZCBEZXNpZyMyQkE1NjEucGRmAAAAAAAAAAAAAAAAAAAAAAAAAAAAAAAAAAAAAAAAAAAAK6VhydcGQAAAAAAAAAAAAAYABAAACSAAAAAAAAAAAAAAAAAAAAAIU2hlbmcgTGkAEAAIAADJeZYoAAAAEQAIAADJ1uogAAAAAQAcACulYAAMO08ADDqLAAp1owAJlCkACHyYAACX7QACAFtNYWNpbnRvc2ggSEQ6VXNlcnM6U2ltb246RGF0ZW46U3R1ZGl1bTpQYXBlcnM6MjAwNzpTaGVuZyBMaTpDb21wdXRlci1BaWRlZCBEZXNpZyMyQkE1NjEucGRmAAAOARAAhwBDAG8AbQBwAHUAdABlAHIALQBBAGkAZABlAGQAIABEAGUAcwBpAGcAbgAgAGEAbgBkACAAQwBvAG0AcAB1AHQAZQByACAARwByAGEAcABoAGkAYwBzACAAMgAwADAANwAgADEAMAB0AGgAIABJAEUARQBFACAASQBuAHQAZQByAG4AYQB0AGkAbwBuAGEAbAAgAEMAbwBuAGYAZQByAGUAbgBjAGUAIABvAG4AIAAyADAAMAA3ACAAUwBoAGUAbgBnACAATABpAFUAbgBpAGYAaQBlAGQAIABWAG8AbAB1AG0AZQBzACAAZgBvAHIAIABMAGkAZwBoAHQAIABTAGgAYQBmAHQALgBwAGQAZgAPABoADABNAGEAYwBpAG4AdABvAHMAaAAgAEgARAASALZVc2Vycy9TaW1vbi9EYXRlbi9TdHVkaXVtL1BhcGVycy8yMDA3L1NoZW5nIExpL0NvbXB1dGVyLUFpZGVkIERlc2lnbiBhbmQgQ29tcHV0ZXIgR3JhcGhpY3MgMjAwNyAxMHRoIElFRUUgSW50ZXJuYXRpb25hbCBDb25mZXJlbmNlIG9uIDIwMDcgU2hlbmcgTGlVbmlmaWVkIFZvbHVtZXMgZm9yIExpZ2h0IFNoYWZ0LnBkZgATAAEvAAAVAAIADP//AACABdIcHR4fWCRjbGFzc2VzWiRjbGFzc25hbWWjHyAhXU5TTXV0YWJsZURhdGFWTlNEYXRhWE5TT2JqZWN0XxCuLi4vLi4vLi4vLi4vLi4vLi4vUGFwZXJzLzIwMDcvU2hlbmcgTGkvQ29tcHV0ZXItQWlkZWQgRGVzaWduIGFuZCBDb21wdXRlciBHcmFwaGljcyAyMDA3IDEwdGggSUVFRSBJbnRlcm5hdGlvbmFsIENvbmZlcmVuY2Ugb24gMjAwNyBTaGVuZyBMaVVuaWZpZWQgVm9sdW1lcyBmb3IgTGlnaHQgU2hhZnQucGRm0hwdJCWiJSFcTlNEaWN0aW9uYXJ5EgABhqBfEA9OU0tleWVkQXJjaGl2ZXIACAARABYAHwAoADIANQA6ADwARQBLAFIAXQBlAGwAbwBxAHMAdgB4AHoAfACGAJMAmACgA9oD3APhA+oD9QP5BAcEDgQXBMgEzQTQBN0E4gAAAAAAAAIBAAAAAAAAACgAAAAAAAAAAAAAAAAAAAT0},
  bdsk-url-1 = {http://ieeexplore.ieee.org/search/srchabstract.jsp?tp=&arnumber=4407874&queryText%253D%2528%2528Unified+Volumes+for+Light+Shaft+and+Shadow+with+Scattering%2529%2529%2526openedRefinements%253D*%2526sortType%253Ddesc_Publication+Year%2526matchBoolean%253Dtrue%2526rowsPerPage%253D50%2526searchField%253DSearch+All},
  bdsk-url-2 = {http://dx.doi.org/10.1109/CADCG.2007.4407874},
  date-added = {2011-04-22 10:17:13 +0200},
  date-modified = {2011-05-06 11:04:08 +0200},
  doi = {10.1109/CADCG.2007.4407874},
  local-url = {file://localhost/Users/Simon/Daten/Studium/Papers/2007/Sheng%20Li/Computer-Aided%20Design%20and%20Computer%20Graphics%202007%2010th%20IEEE%20International%20Conference%20on%202007%20Sheng%20LiUnified%20Volumes%20for%20Light%20Shaft.pdf},
  pmid = {4407874},
  rating = {0},
  uri = {papers://17C36DC0-223C-4591-9A05-9C7953327675/Paper/p3317},
  url = {http://ieeexplore.ieee.org/search/srchabstract.jsp?tp=&arnumber=4407874&queryText%253D%2528%2528Unified+Volumes+for+Light+Shaft+and+Shadow+with+Scattering%2529%2529%2526openedRefinements%253D*%2526sortType%253Ddesc_Publication+Year%2526matchBoolean%253Dtrue%2526rowsPerPage%253D50%2526searchField%253DSearch+All}
}

@ARTICLE{ONeil11accurate-atmospheric,
  author = {Sean ONeil},
  title = {accurate atmospheric scattering},
  year = {2011},
  pages = {1--11},
  month = {Apr},
  bdsk-file-1 = {YnBsaXN0MDDUAQIDBAUIJidUJHRvcFgkb2JqZWN0c1gkdmVyc2lvblkkYXJjaGl2ZXLRBgdUcm9vdIABqAkKFRYXGyIjVSRudWxs0wsMDQ4RFFpOUy5vYmplY3RzV05TLmtleXNWJGNsYXNzog8QgASABqISE4ACgAOAB1lhbGlhc0RhdGFccmVsYXRpdmVQYXRo0hgNGRpXTlMuZGF0YU8RAiAAAAAAAiAAAgAADE1hY2ludG9zaCBIRAAAAAAAAAAAAAAAAAAAAMl5pDhIKwAAAC1tSx8yMDExIE9OZWlsYWNjdXJhdGUgYSMyQkE4MEIucGRmAAAAAAAAAAAAAAAAAAAAAAAAAAAAAAAAAAAAAAAAAAAAK6gLydcMbAAAAAAAAAAAAAYABAAACSAAAAAAAAAAAAAAAAAAAAAFT05laWwAABAACAAAyXmWKAAAABEACAAAydbwTAAAAAEAHAAtbUsAK6hnAAw6iwAKdaMACZQpAAh8mAAAl+0AAgBYTWFjaW50b3NoIEhEOlVzZXJzOlNpbW9uOkRhdGVuOlN0dWRpdW06UGFwZXJzOjIwMTE6T05laWw6MjAxMSBPTmVpbGFjY3VyYXRlIGEjMkJBODBCLnBkZgAOAFwALQAyADAAMQAxACAATwBOAGUAaQBsAGEAYwBjAHUAcgBhAHQAZQAgAGEAdABtAG8AcwBwAGgAZQByAGkAYwAgAHMAYwBhAHQAdABlAHIAaQBuAGcALgBwAGQAZgAPABoADABNAGEAYwBpAG4AdABvAHMAaAAgAEgARAASAFlVc2Vycy9TaW1vbi9EYXRlbi9TdHVkaXVtL1BhcGVycy8yMDExL09OZWlsLzIwMTEgT05laWxhY2N1cmF0ZSBhdG1vc3BoZXJpYyBzY2F0dGVyaW5nLnBkZgAAEwABLwAAFQACAAz//wAAgAXSHB0eH1gkY2xhc3Nlc1okY2xhc3NuYW1lox8gIV1OU011dGFibGVEYXRhVk5TRGF0YVhOU09iamVjdF8QUS4uLy4uLy4uLy4uLy4uLy4uL1BhcGVycy8yMDExL09OZWlsLzIwMTEgT05laWxhY2N1cmF0ZSBhdG1vc3BoZXJpYyBzY2F0dGVyaW5nLnBkZtIcHSQloiUhXE5TRGljdGlvbmFyeRIAAYagXxAPTlNLZXllZEFyY2hpdmVyAAgAEQAWAB8AKAAyADUAOgA8AEUASwBSAF0AZQBsAG8AcQBzAHYAeAB6AHwAhgCTAJgAoALEAsYCywLUAt8C4wLxAvgDAQNVA1oDXQNqA28AAAAAAAACAQAAAAAAAAAoAAAAAAAAAAAAAAAAAAADgQ==},
  date-added = {2011-04-22 10:44:42 +0200},
  date-modified = {2011-05-06 11:04:08 +0200},
  local-url = {file://localhost/Users/Simon/Daten/Studium/Papers/2011/ONeil/2011%20ONeilaccurate%20atmospheric%20scattering.pdf},
  rating = {0},
  uri = {papers://17C36DC0-223C-4591-9A05-9C7953327675/Paper/p3347}
}

@ARTICLE{PegoraroSchottParker09An-analytical-approach,
  author = {Vincent Pegoraro and Mathias Schott and Steven Parker},
  title = {An analytical approach to single scattering for anisotropic media
	and light distributions},
  journal = {GI '09: Proceedings of Graphics Interface 2009},
  year = {2009},
  month = {May},
  abstract = {Despite their numerous applications, efficiently rendering participating
	media remains a challenging task due to the intricacy of the radiative
	transport equation. While numerical techniques remain the method
	of choice for addressing complex problems, ...},
  bdsk-file-1 = {YnBsaXN0MDDUAQIDBAUIJidUJHRvcFgkb2JqZWN0c1gkdmVyc2lvblkkYXJjaGl2ZXLRBgdUcm9vdIABqAkKFRYXGyIjVSRudWxs0wsMDQ4RFFpOUy5vYmplY3RzV05TLmtleXNWJGNsYXNzog8QgASABqISE4ACgAOAB1lhbGlhc0RhdGFccmVsYXRpdmVQYXRo0hgNGRpXTlMuZGF0YU8RAr4AAAAAAr4AAgAADE1hY2ludG9zaCBIRAAAAAAAAAAAAAAAAAAAAMl5pDhIKwAAACujqB9HSSAnMDkgUHJvY2VlZGluZ3MgbyMyQkEzQTkucGRmAAAAAAAAAAAAAAAAAAAAAAAAAAAAAAAAAAAAAAAAAAAAK6OpydcC+AAAAAAAAAAAAAYABAAACSAAAAAAAAAAAAAAAAAAAAAIUGVnb3Jhcm8AEAAIAADJeZYoAAAAEQAIAADJ1ubYAAAAAQAcACujqAAMO74ADDqLAAp1owAJlCkACHyYAACX7QACAFtNYWNpbnRvc2ggSEQ6VXNlcnM6U2ltb246RGF0ZW46U3R1ZGl1bTpQYXBlcnM6MjAwOTpQZWdvcmFybzpHSSAnMDkgUHJvY2VlZGluZ3MgbyMyQkEzQTkucGRmAAAOAMAAXwBHAEkAIAAnADAAOQAgAFAAcgBvAGMAZQBlAGQAaQBuAGcAcwAgAG8AZgAgAEcAcgBhAHAAaABpAGMAcwAgAEkAbgB0AGUAcgBmAGEAYwBlACAAMgAwADAAOQAgADIAMAAwADkAIABQAGUAZwBvAHIAYQByAG8AQQBuACAAYQBuAGEAbAB5AHQAaQBjAGEAbAAgAGEAcABwAHIAbwBhAGMAaAAgAHQAbwAgAHMAaQBuAGcAbABlAC4AcABkAGYADwAaAAwATQBhAGMAaQBuAHQAbwBzAGgAIABIAEQAEgCOVXNlcnMvU2ltb24vRGF0ZW4vU3R1ZGl1bS9QYXBlcnMvMjAwOS9QZWdvcmFyby9HSSAnMDkgUHJvY2VlZGluZ3Mgb2YgR3JhcGhpY3MgSW50ZXJmYWNlIDIwMDkgMjAwOSBQZWdvcmFyb0FuIGFuYWx5dGljYWwgYXBwcm9hY2ggdG8gc2luZ2xlLnBkZgATAAEvAAAVAAIADP//AACABdIcHR4fWCRjbGFzc2VzWiRjbGFzc25hbWWjHyAhXU5TTXV0YWJsZURhdGFWTlNEYXRhWE5TT2JqZWN0XxCGLi4vLi4vLi4vLi4vLi4vLi4vUGFwZXJzLzIwMDkvUGVnb3Jhcm8vR0kgJzA5IFByb2NlZWRpbmdzIG9mIEdyYXBoaWNzIEludGVyZmFjZSAyMDA5IDIwMDkgUGVnb3Jhcm9BbiBhbmFseXRpY2FsIGFwcHJvYWNoIHRvIHNpbmdsZS5wZGbSHB0kJaIlIVxOU0RpY3Rpb25hcnkSAAGGoF8QD05TS2V5ZWRBcmNoaXZlcgAIABEAFgAfACgAMgA1ADoAPABFAEsAUgBdAGUAbABvAHEAcwB2AHgAegB8AIYAkwCYAKADYgNkA2kDcgN9A4EDjwOWA58EKAQtBDAEPQRCAAAAAAAAAgEAAAAAAAAAKAAAAAAAAAAAAAAAAAAABFQ=},
  bdsk-url-1 = {http://portal.acm.org/ft_gateway.cfm?id=1555902&type=pdf&coll=DL&dl=ACM&CFID=17485192&CFTOKEN=66349392},
  date-added = {2011-04-22 10:03:03 +0200},
  date-modified = {2011-05-06 11:04:08 +0200},
  local-url = {file://localhost/Users/Simon/Daten/Studium/Papers/2009/Pegoraro/GI%20'09%20Proceedings%20of%20Graphics%20Interface%202009%202009%20PegoraroAn%20analytical%20approach%20to%20single.pdf},
  rating = {0},
  uri = {papers://17C36DC0-223C-4591-9A05-9C7953327675/Paper/p3312},
  url = {http://portal.acm.org/ft_gateway.cfm?id=1555902&type=pdf&coll=DL&dl=ACM&CFID=17485192&CFTOKEN=66349392}
}

@ARTICLE{Preetham03Modeling-skylight,
  author = {A.J Preetham},
  title = {Modeling skylight and aerial perspective},
  journal = {ATI Research, ACM SIGGRAPH},
  year = {2003},
  bdsk-file-1 = {YnBsaXN0MDDUAQIDBAUIJidUJHRvcFgkb2JqZWN0c1gkdmVyc2lvblkkYXJjaGl2ZXLRBgdUcm9vdIABqAkKFRYXGyIjVSRudWxs0wsMDQ4RFFpOUy5vYmplY3RzV05TLmtleXNWJGNsYXNzog8QgASABqISE4ACgAOAB1lhbGlhc0RhdGFccmVsYXRpdmVQYXRo0hgNGRpXTlMuZGF0YU8RApoAAAAAApoAAgAADE1hY2ludG9zaCBIRAAAAAAAAAAAAAAAAAAAAMl5pDhIKwAAACukgh9BVEkgUmVzZWFyY2ggQUNNIFNJRyMyQkEyNTAucGRmAAAAAAAAAAAAAAAAAAAAAAAAAAAAAAAAAAAAAAAAAAAAK6JQydcBggAAAAAAAAAAAAYABAAACSAAAAAAAAAAAAAAAAAAAAAIUHJlZXRoYW0AEAAIAADJeZYoAAAAEQAIAADJ1uViAAAAAQAcACukggAMOuAADDqLAAp1owAJlCkACHyYAACX7QACAFtNYWNpbnRvc2ggSEQ6VXNlcnM6U2ltb246RGF0ZW46U3R1ZGl1bTpQYXBlcnM6MjAwMzpQcmVldGhhbTpBVEkgUmVzZWFyY2ggQUNNIFNJRyMyQkEyNTAucGRmAAAOAKgAUwBBAFQASQAgAFIAZQBzAGUAYQByAGMAaAAgAEEAQwBNACAAUwBJAEcARwBSAEEAUABIACAAMgAwADAAMwAgAFAAcgBlAGUAdABoAGEAbQBNAG8AZABlAGwAaQBuAGcAIABzAGsAeQBsAGkAZwBoAHQAIABhAG4AZAAgAGEAZQByAGkAYQBsACAAcABlAHIAcwBwAGUAYwB0AGkAdgBlAC4AcABkAGYADwAaAAwATQBhAGMAaQBuAHQAbwBzAGgAIABIAEQAEgCCVXNlcnMvU2ltb24vRGF0ZW4vU3R1ZGl1bS9QYXBlcnMvMjAwMy9QcmVldGhhbS9BVEkgUmVzZWFyY2ggQUNNIFNJR0dSQVBIIDIwMDMgUHJlZXRoYW1Nb2RlbGluZyBza3lsaWdodCBhbmQgYWVyaWFsIHBlcnNwZWN0aXZlLnBkZgATAAEvAAAVAAIADP//AACABdIcHR4fWCRjbGFzc2VzWiRjbGFzc25hbWWjHyAhXU5TTXV0YWJsZURhdGFWTlNEYXRhWE5TT2JqZWN0XxB6Li4vLi4vLi4vLi4vLi4vLi4vUGFwZXJzLzIwMDMvUHJlZXRoYW0vQVRJIFJlc2VhcmNoIEFDTSBTSUdHUkFQSCAyMDAzIFByZWV0aGFtTW9kZWxpbmcgc2t5bGlnaHQgYW5kIGFlcmlhbCBwZXJzcGVjdGl2ZS5wZGbSHB0kJaIlIVxOU0RpY3Rpb25hcnkSAAGGoF8QD05TS2V5ZWRBcmNoaXZlcgAIABEAFgAfACgAMgA1ADoAPABFAEsAUgBdAGUAbABvAHEAcwB2AHgAegB8AIYAkwCYAKADPgNAA0UDTgNZA10DawNyA3sD+AP9BAAEDQQSAAAAAAAAAgEAAAAAAAAAKAAAAAAAAAAAAAAAAAAABCQ=},
  date-added = {2011-04-22 10:05:52 +0200},
  date-modified = {2011-05-06 11:04:08 +0200},
  local-url = {file://localhost/Users/Simon/Daten/Studium/Papers/2003/Preetham/ATI%20Research%20ACM%20SIGGRAPH%202003%20PreethamModeling%20skylight%20and%20aerial%20perspective.pdf},
  pmid = {18092571283057891426related:YlgZMLm5FfsJ},
  rating = {0},
  uri = {papers://17C36DC0-223C-4591-9A05-9C7953327675/Paper/p3313}
}

@ARTICLE{PreethamShirleySmits99A-practical-analytic,
  author = {A Preetham and Peter Shirley and Brian Smits},
  title = {A practical analytic model for daylight},
  journal = {SIGGRAPH '99: Proceedings of the 26th annual conference on Computer
	graphics and interactive techniques},
  year = {1999},
  month = {Jul},
  bdsk-file-1 = {YnBsaXN0MDDUAQIDBAUIJidUJHRvcFgkb2JqZWN0c1gkdmVyc2lvblkkYXJjaGl2ZXLRBgdUcm9vdIABqAkKFRYXGyIjVSRudWxs0wsMDQ4RFFpOUy5vYmplY3RzV05TLmtleXNWJGNsYXNzog8QgASABqISE4ACgAOAB1lhbGlhc0RhdGFccmVsYXRpdmVQYXRo0hgNGRpXTlMuZGF0YU8RA2QAAAAAA2QAAgAADE1hY2ludG9zaCBIRAAAAAAAAAAAAAAAAAAAAMl5pDhIKwAAAAw6ux9TSUdHUkFQSCAnOTkgUHJvY2VlZGkjQzNBQkMucGRmAAAAAAAAAAAAAAAAAAAAAAAAAAAAAAAAAAAAAAAAAAAADDq8yKZ4VQAAAAAAAAAAAAYABAAACSAAAAAAAAAAAAAAAAAAAAAIUHJlZXRoYW0AEAAIAADJeZYoAAAAEQAIAADIplw1AAAAAQAcAAw6uwAMOroADDqLAAp1owAJlCkACHyYAACX7QACAFtNYWNpbnRvc2ggSEQ6VXNlcnM6U2ltb246RGF0ZW46U3R1ZGl1bTpQYXBlcnM6MTk5OTpQcmVldGhhbTpTSUdHUkFQSCAnOTkgUHJvY2VlZGkjQzNBQkMucGRmAAAOAS4AlgBTAEkARwBHAFIAQQBQAEgAIAAnADkAOQAgAFAAcgBvAGMAZQBlAGQAaQBuAGcAcwAgAG8AZgAgAHQAaABlACAAMgA2AHQAaAAgAGEAbgBuAHUAYQBsACAAYwBvAG4AZgBlAHIAZQBuAGMAZQAgAG8AbgAgAEMAbwBtAHAAdQB0AGUAcgAgAGcAcgBhAHAAaABpAGMAcwAgAGEAbgBkACAAaQBuAHQAZQByAGEAYwB0AGkAdgBlACAAdABlAGMAaABuAGkAcQB1AGUAcwAgADEAOQA5ADkAIABQAHIAZQBlAHQAaABhAG0AQQAgAHAAcgBhAGMAdABpAGMAYQBsACAAYQBuAGEAbAB5AHQAaQBjACAAbQBvAGQAZQBsACAAZgBvAHIALgBwAGQAZgAPABoADABNAGEAYwBpAG4AdABvAHMAaAAgAEgARAASAMVVc2Vycy9TaW1vbi9EYXRlbi9TdHVkaXVtL1BhcGVycy8xOTk5L1ByZWV0aGFtL1NJR0dSQVBIICc5OSBQcm9jZWVkaW5ncyBvZiB0aGUgMjZ0aCBhbm51YWwgY29uZmVyZW5jZSBvbiBDb21wdXRlciBncmFwaGljcyBhbmQgaW50ZXJhY3RpdmUgdGVjaG5pcXVlcyAxOTk5IFByZWV0aGFtQSBwcmFjdGljYWwgYW5hbHl0aWMgbW9kZWwgZm9yLnBkZgAAEwABLwAAFQACAAz//wAAgAXSHB0eH1gkY2xhc3Nlc1okY2xhc3NuYW1lox8gIV1OU011dGFibGVEYXRhVk5TRGF0YVhOU09iamVjdF8QvS4uLy4uLy4uLy4uLy4uLy4uL1BhcGVycy8xOTk5L1ByZWV0aGFtL1NJR0dSQVBIICc5OSBQcm9jZWVkaW5ncyBvZiB0aGUgMjZ0aCBhbm51YWwgY29uZmVyZW5jZSBvbiBDb21wdXRlciBncmFwaGljcyBhbmQgaW50ZXJhY3RpdmUgdGVjaG5pcXVlcyAxOTk5IFByZWV0aGFtQSBwcmFjdGljYWwgYW5hbHl0aWMgbW9kZWwgZm9yLnBkZtIcHSQloiUhXE5TRGljdGlvbmFyeRIAAYagXxAPTlNLZXllZEFyY2hpdmVyAAgAEQAWAB8AKAAyADUAOgA8AEUASwBSAF0AZQBsAG8AcQBzAHYAeAB6AHwAhgCTAJgAoAQIBAoEDwQYBCMEJwQ1BDwERQUFBQoFDQUaBR8AAAAAAAACAQAAAAAAAAAoAAAAAAAAAAAAAAAAAAAFMQ==},
  bdsk-url-1 = {http://portal.acm.org/citation.cfm?id=311535.311545},
  date-added = {2010-09-03 10:02:43 +0200},
  date-modified = {2011-05-06 11:04:08 +0200},
  keywords = {aerial perspective, sunlight, skylight, illumination},
  local-url = {file://localhost/Users/Simon/Daten/Studium/Papers/1999/Preetham/SIGGRAPH%20'99%20Proceedings%20of%20the%2026th%20annual%20conference%20on%20Computer%20graphics%20and%20interactive%20techniques%201999%20PreethamA%20practical%20analytic%20model%20for.pdf},
  pmid = {311535.311545},
  rating = {0},
  uri = {papers://17C36DC0-223C-4591-9A05-9C7953327675/Paper/p2378},
  url = {http://portal.acm.org/citation.cfm?id=311535.311545}
}

@ARTICLE{YangLiHuangWangWang;07An-Efficient-Approach,
  author = {Kun Yang and Qicheng Li and Zhangjin Huang and Jia Wang and Guoping
	Wang;},
  title = {An Efficient Approach to Real-Time Sky Simulation},
  journal = {Computer-Aided Design and Computer Graphics, 2007 10th IEEE International
	Conference on},
  year = {2007},
  pages = {156 -- 160},
  abstract = {Real-time sky rendering plays a great role on visualization in many
	3D applications. It is difficult to simulate a realistic sky without
	considering the effect of clouds and the scattering effect of the
	atmosphere. In this paper, we use a physical scattering model to
	simulate the sky, and a Perlin noise texture to create highly realistic
	clouds. Different effects of the sky are also generated by combining
	the lighting model with various atmospheric constituents.},
  bdsk-file-1 = {YnBsaXN0MDDUAQIDBAUIJidUJHRvcFgkb2JqZWN0c1gkdmVyc2lvblkkYXJjaGl2ZXLRBgdUcm9vdIABqAkKFRYXGyIjVSRudWxs0wsMDQ4RFFpOUy5vYmplY3RzV05TLmtleXNWJGNsYXNzog8QgASABqISE4ACgAOAB1lhbGlhc0RhdGFccmVsYXRpdmVQYXRo0hgNGRpXTlMuZGF0YU8RA0AAAAAAA0AAAgAADE1hY2ludG9zaCBIRAAAAAAAAAAAAAAAAAAAAMl5pDhIKwAAACuk3R9Db21wdXRlci1BaWRlZCBEZXNpZyMyQkE0REUucGRmAAAAAAAAAAAAAAAAAAAAAAAAAAAAAAAAAAAAAAAAAAAAK6TeydcFfAAAAAAAAAAAAAYABAAACSAAAAAAAAAAAAAAAAAAAAAIS3VuIFlhbmcAEAAIAADJeZYoAAAAEQAIAADJ1ulcAAAAAQAcACuk3QAMO08ADDqLAAp1owAJlCkACHyYAACX7QACAFtNYWNpbnRvc2ggSEQ6VXNlcnM6U2ltb246RGF0ZW46U3R1ZGl1bTpQYXBlcnM6MjAwNzpLdW4gWWFuZzpDb21wdXRlci1BaWRlZCBEZXNpZyMyQkE0REUucGRmAAAOARYAigBDAG8AbQBwAHUAdABlAHIALQBBAGkAZABlAGQAIABEAGUAcwBpAGcAbgAgAGEAbgBkACAAQwBvAG0AcAB1AHQAZQByACAARwByAGEAcABoAGkAYwBzACAAMgAwADAANwAgADEAMAB0AGgAIABJAEUARQBFACAASQBuAHQAZQByAG4AYQB0AGkAbwBuAGEAbAAgAEMAbwBuAGYAZQByAGUAbgBjAGUAIABvAG4AIAAyADAAMAA3ACAASwB1AG4AIABZAGEAbgBnAEEAbgAgAEUAZgBmAGkAYwBpAGUAbgB0ACAAQQBwAHAAcgBvAGEAYwBoACAAdABvACAAUgBlAGEAbAAtAFQAaQBtAGUALgBwAGQAZgAPABoADABNAGEAYwBpAG4AdABvAHMAaAAgAEgARAASALlVc2Vycy9TaW1vbi9EYXRlbi9TdHVkaXVtL1BhcGVycy8yMDA3L0t1biBZYW5nL0NvbXB1dGVyLUFpZGVkIERlc2lnbiBhbmQgQ29tcHV0ZXIgR3JhcGhpY3MgMjAwNyAxMHRoIElFRUUgSW50ZXJuYXRpb25hbCBDb25mZXJlbmNlIG9uIDIwMDcgS3VuIFlhbmdBbiBFZmZpY2llbnQgQXBwcm9hY2ggdG8gUmVhbC1UaW1lLnBkZgAAEwABLwAAFQACAAz//wAAgAXSHB0eH1gkY2xhc3Nlc1okY2xhc3NuYW1lox8gIV1OU011dGFibGVEYXRhVk5TRGF0YVhOU09iamVjdF8QsS4uLy4uLy4uLy4uLy4uLy4uL1BhcGVycy8yMDA3L0t1biBZYW5nL0NvbXB1dGVyLUFpZGVkIERlc2lnbiBhbmQgQ29tcHV0ZXIgR3JhcGhpY3MgMjAwNyAxMHRoIElFRUUgSW50ZXJuYXRpb25hbCBDb25mZXJlbmNlIG9uIDIwMDcgS3VuIFlhbmdBbiBFZmZpY2llbnQgQXBwcm9hY2ggdG8gUmVhbC1UaW1lLnBkZtIcHSQloiUhXE5TRGljdGlvbmFyeRIAAYagXxAPTlNLZXllZEFyY2hpdmVyAAgAEQAWAB8AKAAyADUAOgA8AEUASwBSAF0AZQBsAG8AcQBzAHYAeAB6AHwAhgCTAJgAoAPkA+YD6wP0A/8EAwQRBBgEIQTVBNoE3QTqBO8AAAAAAAACAQAAAAAAAAAoAAAAAAAAAAAAAAAAAAAFAQ==},
  bdsk-url-1 = {http://ieeexplore.ieee.org/search/srchabstract.jsp?tp=&arnumber=4407873&queryText%253D%2528%2528An+Efficient+Approach+to+Real-Time+Sky+Simulation%2529%2529%2526openedRefinements%253D*%2526sortType%253Ddesc_Publication+Year%2526matchBoolean%253Dtrue%2526rowsPerPage%253D50%2526searchField%253DSearch+All},
  bdsk-url-2 = {http://dx.doi.org/10.1109/CADCG.2007.4407873},
  date-added = {2011-04-22 10:13:54 +0200},
  date-modified = {2011-05-06 11:04:08 +0200},
  doi = {10.1109/CADCG.2007.4407873},
  local-url = {file://localhost/Users/Simon/Daten/Studium/Papers/2007/Kun%20Yang/Computer-Aided%20Design%20and%20Computer%20Graphics%202007%2010th%20IEEE%20International%20Conference%20on%202007%20Kun%20YangAn%20Efficient%20Approach%20to%20Real-Time.pdf},
  pmid = {4407873},
  rating = {0},
  uri = {papers://17C36DC0-223C-4591-9A05-9C7953327675/Paper/p3316},
  url = {http://ieeexplore.ieee.org/search/srchabstract.jsp?tp=&arnumber=4407873&queryText%253D%2528%2528An+Efficient+Approach+to+Real-Time+Sky+Simulation%2529%2529%2526openedRefinements%253D*%2526sortType%253Ddesc_Publication+Year%2526matchBoolean%253Dtrue%2526rowsPerPage%253D50%2526searchField%253DSearch+All}
}

@ARTICLE{02gdc,
  title = {gdc},
  year = {2002},
  pages = {1--20},
  month = {Jan},
  bdsk-file-1 = {YnBsaXN0MDDUAQIDBAUIJidUJHRvcFgkb2JqZWN0c1gkdmVyc2lvblkkYXJjaGl2ZXLRBgdUcm9vdIABqAkKFRYXGyIjVSRudWxs0wsMDQ4RFFpOUy5vYmplY3RzV05TLmtleXNWJGNsYXNzog8QgASABqISE4ACgAOAB1lhbGlhc0RhdGFccmVsYXRpdmVQYXRo0hgNGRpXTlMuZGF0YU8RAbAAAAAAAbAAAgAADE1hY2ludG9zaCBIRAAAAAAAAAAAAAAAAAAAAMl5pDhIKwAAAAw62QwyMDAyIGdkYy5wZGYAAAAAAAAAAAAAAAAAAAAAAAAAAAAAAAAAAAAAAAAAAAAAAAAAAAAAAAAAAAAAAAAAAAAAK6N4ydcCbwAAAAAAAAAAAAYABAAACSAAAAAAAAAAAAAAAAAAAAAHVW5rbm93bgAAEAAIAADJeZYoAAAAEQAIAADJ1uZPAAAAAQAcAAw62QAMOswADDqLAAp1owAJlCkACHyYAACX7QACAEdNYWNpbnRvc2ggSEQ6VXNlcnM6U2ltb246RGF0ZW46U3R1ZGl1bTpQYXBlcnM6MjAwMjpVbmtub3duOjIwMDIgZ2RjLnBkZgAADgAaAAwAMgAwADAAMgAgAGcAZABjAC4AcABkAGYADwAaAAwATQBhAGMAaQBuAHQAbwBzAGgAIABIAEQAEgA6VXNlcnMvU2ltb24vRGF0ZW4vU3R1ZGl1bS9QYXBlcnMvMjAwMi9Vbmtub3duLzIwMDIgZ2RjLnBkZgATAAEvAAAVAAIADP//AACABdIcHR4fWCRjbGFzc2VzWiRjbGFzc25hbWWjHyAhXU5TTXV0YWJsZURhdGFWTlNEYXRhWE5TT2JqZWN0XxAyLi4vLi4vLi4vLi4vLi4vLi4vUGFwZXJzLzIwMDIvVW5rbm93bi8yMDAyIGdkYy5wZGbSHB0kJaIlIVxOU0RpY3Rpb25hcnkSAAGGoF8QD05TS2V5ZWRBcmNoaXZlcgAIABEAFgAfACgAMgA1ADoAPABFAEsAUgBdAGUAbABvAHEAcwB2AHgAegB8AIYAkwCYAKACVAJWAlsCZAJvAnMCgQKIApECxgLLAs4C2wLgAAAAAAAAAgEAAAAAAAAAKAAAAAAAAAAAAAAAAAAAAvI=},
  date-added = {2011-04-22 10:01:36 +0200},
  date-modified = {2011-05-06 11:04:08 +0200},
  local-url = {file://localhost/Users/Simon/Daten/Studium/Papers/2002/Unknown/2002%20gdc.pdf},
  rating = {0},
  uri = {papers://17C36DC0-223C-4591-9A05-9C7953327675/Paper/p3311}
}

